@book{ref1,
	Author = {Herbert L. Dershem and Michael J. Jipping},
	Title = {Programming Languages: Structures and models},
	Year = {1995},
	Address = {Boston},
    Publisher = {PWS Publishing Company},
    Volume = {2}
}

@book{ref2,
	Author = { Alice E. Fischer and  Frances. Grodzinsky},
	Title = {The Anatomy of Programming Languages},
	Year = {1993},
	Address = {Englewood Cliffs, New Jersey},
    Publisher = {Prentice Hall},
}


@book{ref3,
	Author = {Aho, Alfred V. Monica S. Lam ;  Ravi Sethi;Jeffrey D. Ullman},
	Title = {Compiladores: Princípios, técnicas e ferramentas},
	Address = {São Paulo},
    Publisher = {Addison-Wesley, Pearson},
	Year = {2008},
	Volume = {1},
}

@book{ref4,
	Author = {Cooper, Torczon.},
	Title = {Engineering a Compiler},
	Address = {San Francisco},
    Publisher = {Morgan Kaufmann},
	Year = {2003},
}

@book{ref5,
	Author = {Alfred V. Aho and Jeffrey D. Ullman},
	Title = {Principles of Compiler Design},
	Address = {Reading,Massachusetts, EUA},
    Publisher = {Addison-Wesley},
	Year = {1977},
}

@book{ref6,
	Author = {Michael L. Scott},
	Title = {Programming Language Pragmatics},
	Address = {San Francisco},
    Publisher = {Morgam Kaufmann/Academic Press},
	Year = {2009},
	Volume = {3},
	isbn = {13:978-0-12-374514-9},
}

@book{ref9,
	Author = {Robert Sebesta},
	Title = {Conceitos de Linguagens de Programação},
	Address = {Porto Alegre},
    Publisher ={Bookman},
	Year = {2010},
	volume = {9}, 
}

@book{ref10,
	Author = {Bruno Cardoso and Rafael Auler},
	Title = {Getting started with LLVM Core Libraries},
	Address = {Birminghan Munbai},
    Publisher = {Packt Publishing},
	Year = {2014},
}

@book{ref12,
	Author = {Holmes, Jim.},
	Title = {Object-Oriented Compiler Construction},
	Address = {Englewood Cliffs, Nova Jersey: Prentice Hall},
	Year = {1995},
	volume = {9}, 
}

@book{ref15,
    Author = {Alfred V. Aho and Jeffrey D. Ullman},
    Title = {The Theory of Parsing, Translation and Compiling, Vol. 1: Parsing},
    Publisher = {Prentice Hall},
	Address = {Englewood Cliffs, Nova Jersey, EUA},
    Year = {1972},
	Volume = {1},
}

@book{ref16,
    Author = {Ana M. A. Price and Simão Sirineo Toscano},
    Title = {Implementação de Linguagens de Programação: Compiladores: Série de Livros Didáticos Número 9},
	Address ={Porto Alegre},
    Publisher = {Sagra Luzzatto},
    Year = {2000},
	Volume = {1},
}


@inproceedings{ref18,
    Author = { Charles N. Fischer and Jr. LeBlanc},
    Title = {Crafting a Compiler with C},
	Address ={Redwood City, California},
    Publisher = {Benjamin Cummings Publishing},
    Year = {1991},
	Volume = {1},
}

@book{ref19,
    Author = {Alfred V. Aho},
    Title = {Compilers: Principles, Techniques and Tools},
	Address ={Reading, Massachusetts, EUA},
	Publisher ={Addison-Wesley},
    Year = {1986},
}

@book{ref20,
    Author = {Marcio. Delamaro},
    Title = {Como Construir um Compilador Utilizando Ferramentas Java},
	Address ={São Paulo},
    Publisher= {Novatec},
    Year = {2004},
}

@book{ref21,
    Author = { P.M. Lewis and D.J. Rosenkrantz},
    Title = {Compiler Design Theory},
	Address ={Reading, Massachusetts},
    Publisher = {Addison-Wesley},
    Year = {1978},
}

@book{ref22,
    Author = {Henk Alblas and Albert Nymeyer},
    Title = {Practice and Principles of Compiler Building with C},
	Address ={London},
    Publisher = {Prentice Hall},
    Year = {1996},
}

@book{ref23,
    Author = {Des Watson},
    Title = {High-Level Languages and Their Compilers},
	Address ={Wokingham, Reino Unido},
    Publisher = {Addison-Wesley},
    Year = {1989},
}

@book{ref25,
	Author = {Arthur B. Pyster},
	Title = {Compiler Design and Construction: Tools and Techniques},
	Address ={Nova York, EUA},
    Publisher = {Van Nostrand Reinhold Company},
    Year = {1988},
}

@book{ref26,
	Author = {Rui Gustavo Crespo},
	Title = {Processadores de Linguagens: da Concepção à Implementação},
	Address ={Lisboa, Portugal},
    Publisher = {IST Press},
    Year = {1998},
}

@book{ref29,
	Author = {Steven S. Muchnick },
	Title = {Advanced Compiler Design Implementation},
	Address = {San Francisco, California},
    Publisher= {Morgan Kaufmann Publishers},
	Year = {1977},
}


@book{ref30,
	Author = {Jean-Paul Tremblay andPaul G. Sorenson},
	Title = {The Theory and Practice of Compiler Writing},
	Address = {Nova York},
    Publisher = {McGraw-Hill},
	Year = {1989},
}

@book{ref33,
	Author = {Michael L. Scott},
	Title = {Programming Language Pragmatics - CD Book},
	Address = {San Francisco},
    Publisher = {Morgam Kaufmann/Academic Press},
	Year = {2009},
	Volume = {3},
}

@book{ref36,
	Author = {John R. Levine},
	Title = {Linkers \& Loaders},
	Address = {San Francisco},
    Publisher = {Morgan Kaufmann Publishers},
	Year = {2000},
}

@misc{Lasca,
  author = {David A. Wheeler},
  url = {http://www.las.ic.unicamp.br/~felipe/plh/Program-Library-HOWTO},
  title = {COMO FAZER Bibliotecas de Programa},
  note = {Acessado: 11-06-2015},
  year = 2015,
}
@misc{Lasca2,
  author = {David A. Wheeler},
  title = {COMO FAZER Bibliotecas de Programa},
  url = {http://www.las.ic.unicamp.br/~felipe/plh/Program-Library-HOWTO},
  note = {Acessado: 13-06-2015},
  year = 2015,
}

@book{ref39,
	Author = {Milan Stevanovic},
	Title = {Advanced C and C++ Compiling},
    Publisher = {Apress},
	Pages = {54},
	Year = {2014},
}


@book{ref42,
	Author = {John Lakos},
	Title = {Large-Scale C++ Software Design},
	Address = {Reading,Massachusetts, EUA},
    Publisher = {Addison-Wesley Longman},
	Year = {1996},
}

@misc{gccsufix,
  title = {GNU GCC - Online Documentation},
  author = {Free Software Foundation},
  url = {https://gcc.gnu.org/onlinedocs/gcc-4.4.1/gcc/Overall-Options.html},
  note = {Acessado: 14-06-2015},
  year = 2015,
}

@misc{gccpragmaonce,
  title = {GNU GCC - Online Documentation},
  author = {Free Software Foundation},
  url = {https://gcc.gnu.org/onlinedocs/gcc-2.95.3/cpp_1.html},
  note = {Acessado: 14-06-2015},
  year = 2015,
}

@misc{gccapi,
  title = {GNU GCC - Online Documentation},
  author = {Free Software Foundation},
  url = {https://gcc.gnu.org/onlinedocs/gcc-4.6.3/libstdc++/api/a00932.html},
  note = {Acessado: 14-06-2015},
  year = 2015,
}



@book{ref43,
	Author = {M. T. SKINNER},
	Title = {The advanced C/C++ Book},
	Publisher = {Solicon Press},
	Year = {1992},
}

@book{ref44,
	Author = {Scott Meyers},
	Title = {Effetive C++,55 Specific Ways to Improve Your Programs and Designs},
	Address = {Reading,Massachusetts, EUA},
    Publisher = {Addison-Wesley},
	Year = {2005},
	Volume = {3},
}

@manual{ref45,
	Author = {Free Software Foundation},
	Title = {GNU MAKE},
    Address = {51 Franklin St. Boston},
    Publisher ={Free Software Fundation},
	isbn = {1-882114-83-3},
    year = 2004
}

@book{ref52,
	Author = {John Lakos},
	Title = {Large-Scale C++ Software Design},
	Address = {Reading,Massachusetts, EUA},
	Publisher = {Addison-Wesley Longman},
	Year = {1996},
	Pages = {9},
}

@book{BjarneC++,
	Author = {Bjarne Stroustrup},
	Title = {The C++ Programming Language, Fourth Edition},
	Publisher  = {Addison Wesley},
	Year = {2013},
	Volume = {4},
}

@book{style_idioms,
    Author = {James O. Coplien},
    Title = {Advanced C++ Programming Styles and Idioms},
    Year = {1992}, 
    Publisher = {Addison Wesley},
}
